
@INPROCEEDINGS{Gray96,
    author = {Jim Gray and Adam Bosworth and Andrew Layman and Don Reichart and Hamid Pirahesh},
    title = {Data cube: A relational aggregation operator generalizing group-by, cross-tab, and sub-totals},
    booktitle = {},
    year = {1996},
    pages = {152--159}
}

@article{Ho97,
 author = {Ho, Ching-Tien and Agrawal, Rakesh and Megiddo, Nimrod and Srikant, Ramakrishnan},
 title = {Range queries in OLAP data cubes},
 journal = {SIGMOD Rec.},
 volume = {26},
 number = {2},
 year = {1997},
 issn = {0163-5808},
 pages = {73--88},
 doi = {http://doi.acm.org/10.1145/253262.253274},
 publisher = {ACM},
 address = {New York, NY, USA},
}

@techreport{Geffner99,
 author = {Geffner, Steve and Agrawal, Divyakanth and El Abbadi, Amr and Smith, Terry},
 title = {Relative Prefix Sums: An Efficient Approach for Querying Dynamic OLAP Data Cubes},
 year = {1999},
 source = {http://www.ncstrl.org:8900/ncstrl/servlet/search?formname=detail\&id=oai%3Ancstrlh%3Aucsb_cs%3Ancstrl.ucsb_cs%2F%2FTRCS99-01},
 publisher = {University of California at Santa Barbara},
 address = {Santa Barbara, CA, USA},
}

@inproceedings{Geffner00,
  author = {Steven Geffner and Divyakant Agrawal and Amr El Abbadi},
  booktitle = {EDBT},
  crossref = {conf/edbt/2000},
  editor = {Carlo Zaniolo and Peter C. Lockemann and Marc H. Scholl and Torsten Grust},
  interhash = {d6a9167d99815d1f331d87c29e4ac1b5},
  intrahash = {8f9604b166619e010dfe4c5cd48ada10},
  pages = {237-253},
  publisher = {Springer},
  series = {Lecture Notes in Computer Science},
  title = {The Dynamic Data Cube.},
  url = {http://dblp.uni-trier.de/db/conf/edbt/edbt2000.html#GeffnerAA00},
  volume = 1777,
  year = 2000,
  cite = {...},
  keywords = {dblp},
  ee = {http://link.springer.de/link/service/series/0558/bibs/1777/17770237.htm},
  added-at = {2009-09-23T00:00:00.000+0200},
  description = {dblp},
  isbn = {3-540-67227-3},
  biburl = {http://www.bibsonomy.org/bibtex/28f9604b166619e010dfe4c5cd48ada10/dblp},
  date = {2009-09-23}
}

@inproceedings{Chun01,
 author = {Chun, Seok-Ju and Chung, Chin-Wan and Lee, Ju-Hong and Lee, Seok-Lyong},
 title = {Dynamic Update Cube for Range-sum Queries},
 booktitle = {VLDB '01: Proceedings of the 27th International Conference on Very Large Data Bases},
 year = {2001},
 isbn = {1-55860-804-4},
 pages = {521--530},
 publisher = {Morgan Kaufmann Publishers Inc.},
 address = {San Francisco, CA, USA},
}


